%
% Literatur 
%
@book{POSA1,
  author    = {Buchmann Frank; Regine Meunier, Hans Rohnert, Peter Sommerlad and Michael Stal},
  title     = {Pattern-Oriented Software Architecture, Volume 1: A System of Patterns},
  publisher = {John Wiley and Sons Ltd},
  year      = 1996,
  month     = 8,
  edition   = 1,
  isbn      = {978-0-47195-869-7}
}

@book{TAN06,
  author    = {Andrew S. Tanenbaum; Maarten Van Steen},
  title     = {Distributed Systems: Principles and Paradigms},
  publisher = {Prentice Hall},
  year      = 2006,
  month     = 10,
  edition   = 2,
  isbn      = {0-13-239227-5}
}

@book{EIP03,
    author      = {Gregor Hohpe, Bobby Woolf},
    title       = {Enterprise Integration Patterns: Designing, Building, and Deploying Messaging Solutions},
    publisher   = {Addison-Wesley Professional},
    year        = <`5`>2003,
    month       = 10,
    edition     = 2,
    isbn        = {978-0321200686}
}

@book{marz2015big,
  title={Big Data: Principles and Best Practices of Scalable Realtime Data Systems},
  author={Marz, N. and Warren, J.},
  isbn={9781617290343},
  url={https://books.google.ch/books?id=HW-kMQEACAAJ},
  year={2015},
  publisher={Manning Publications Company}
}


@book{o2008real,
  title={Real World Haskell: Code You Can Believe In},
  author={O'Sullivan, B. and Goerzen, J. and Stewart, D.B.},
  isbn={9780596554309},
  url={https://books.google.ch/books?id=nh0okI1a1sQC},
  year={2008},
  publisher={O'Reilly Media}
}
%
% Papers
%
@misc{PprEventProc,
  title = {{A Survey of the State-of-the-art in Event Processing}},
  year  = 2013,
  author = {Otávio M. de Carvalho, Eduardo Roloff, Philippe O. A. Navaux},
  howpublished = "\url{https://www.innoq.com/de/articles/2013/08/log-daten-verarbeiten-mit-kafka/#fn:4}",
  note = "last visited on 06.02.2015"
}

@misc{PprIBMIntro,
  title = {{IBM MQSeries - An Introduction to Messaging and Queuing}},
  year  = 1995,
  author = {IBM Corp.},
  howpublished ="\url{ftp://ftp.software.ibm.com/software/mqseries/pdf/horaa101.pdf}",
  note = "last visited on 02.03.2015"
}

@misc{PrpAMQP,
  title = {{Advanced Message Queuing Procotol (AMQP)}},
  year  = 2006,
  author = {Steve Vinoski},
  howpublished="\url{http://steve.vinoski.net/pdf/IEEE-Advanced_Message_Queuing_Protocol.pdf}",
  note = "last visited on 04.03.2015"
}

@misc{PrpSvyOfDSPS,
  title = {{Survey of Distributed Stream Processing for Large Stream Sources}},
  year = 2013,
  author = {Supun Kamburugamuve},
  howpublished = "\url{https://www.sics.se/~amir/files/download/dic/2013%20-%20Survey%20of%20Distributed%20Stream%20Processing%20for%20Large%20Stream%20Sources.pdf}",
  note = "last visited on  05.03.2015"
}

@inproceedings{Liu:2014:SRP:2628194.2628251,
 author = {Liu, Xiufeng and Iftikhar, Nadeem and Xie, Xike},
 title = {Survey of Real-time Processing Systems for Big Data},
 booktitle = {Proceedings of the 18th International Database Engineering \& Applications Symposium},
 series = {IDEAS '14'},
 year = {2014},
 isbn = {978-1-4503-2627-8},
 location = {Porto, Portugal},
 pages = {356--361},
 numpages = {6},
 url = {http://doi.acm.org/10.1145/2628194.2628251},
 doi = {10.1145/2628194.2628251},
 acmid = {2628251},
 publisher = {ACM},
 address = {New York, NY, USA},
 keywords = {architectures, big data, real-time, survey, systems},
} 

@article{bange2013big,
  title={Big Data Survey Europe: Usage, Technology and Budgets in European Best Practice Companies},
  author={Bange, C and Grosser, T and Janoschek, N},
  journal={W{\"u}rzburg: BARC Institute},
  year={2013}
}

@article{goodhope2012building,
  title={Building LinkedIn's Real-time Activity Data Pipeline.},
  author={Goodhope, Ken and Koshy, Joel and Kreps, Jay and Narkhede, Neha and Park, Richard and Rao, Jun and Ye, Victor Yang},
  journal={IEEE Data Eng. Bull.},
  volume={35},
  number={2},
  pages={33--45},
  year={2012}
}

@misc{fallaciesOfDs, 
    title={The Eight Fallacies of Distributed Conputations}
    howpublished= "\url{https://blogs.oracle.com/jag/resource/Fallacies.html}",
    note="last visited 25.04.2015"
}


@misc{MSDNIntegration,
    title={Integration Topologies},
    author={Microsoft Corporation (MSDN)},
    howpublished = "\url{https://msdn.microsoft.com/en-us/library/ff647958.aspx}"
}

@misc{TalkKleppmann,
    title={Stream processing, Event sourcing, Reactive, CEP… and making sense of
    it all},
    author={Martin Kleppmann},
    howpublished =
        "\url{http://blog.confluent.io/2015/01/29/making-sense-of-stream-processing/}",
    note = "last visited: 11.03.2015"
}

@misc{JK-TheLog, 
    title={The Log: What every software engineer should know about real-time
        data's unifying abstraction},
    author={Jay Kreps},
    howpublished =
        "\url{http://engineering.linkedin.com/distributed-systems/log-what-every-software-engineer-should-know-about-real-time-datas-unifying}",
    note = "last visited: 18.03.2015"
}

@misc{apachekafka,
    title={Apache Kafka},
    howpublished =
        "\url{http://kafka.apache.org/}",
    note = "last visited: 01.06.2015"
}

@misc{kafka-wiki-replication,
    title={Apache Kafkaa Wiki - Replication},
    howpublished =
        "\url{https://cwiki.apache.org/confluence/display/KAFKA/Kafka+Replication}",
    note = "[Online]"
}

@misc{ArtKafkaInfoQ,
    title={Apache Kafka: Next Generation Distributed Messaging System },
    howpublished =
        "\url{http://www.infoq.com/articles/apache-kafka}",
    note = "last vistied: 19.03.2015"
}

@misc{apacheZookeeper,
    title={Apache Zookeeper},
    howpublished = "\url{https://zookeeper.apache.org/}",
    note = "last visited 25.03.2015"
}

@misc{scribe,
    title={Scribe},
    howpublished =
        "\url{https://github.com/facebookarchive/scribe}",
    note = "last visited: 20.03.2015"
}

@misc{apacheflume,
    title={Apache Flume},
    howpublished = "\url{http://flume.apache.org/}",
    note = "last visited: 20.03.2015"
}

@misc{apacheflumeDoc,
    title={Apache Flume - User Guide},
    howpublished =
        "\url{http://archive.cloudera.com/cdh/3/flume/UserGuide/index.html}",
    note = "last visited: 20.03.2015"
}

@misc{linkedin,
    title={LinkedIn Inc.},
    howpublished =
        "\url{https://linkedin.com}",
    note = "last visited: 03.05.2015"
}

@misc{apachefoundation,
    title={Apache Foundation},
    howpublished =
        "\url{http://www.apache.org}",
    note = "last vistied: 19.03.2015"
}

@misc{activemq,
    title={ActiveMQ},
    howpublished =
        "\url{http://activemq.apache.org/}",
    note = "last visited: 20.03.2015"
}

@misc{rabbitmq,
    title={RabbitMQ},
    howpublished =
        "\url{http://www.rabbitmq.com}",
    note = "last visited: 20.03.2015"
}

@misc{amazonKinesis,
    title={Amazon Kinesis Product Details},
    howpublished = "\url{https://aws.amazon.com/kinesis/details/}",
    note = "last visited 25.03.2015"
}

@misc{amazonKinesisFAQ,
    title={Amazon Kinesis FAQ}, 
    howpublished = "\url{http://aws.amazon.com/sqs/faqs/}", 
    note ="last visited 25.03.2015"
}

@misc{amazonSQS,
    title={Amazon SQS Product Details},
    howpublished = "\url{http://aws.amazon.com/sqs/details/}",
    note = "last visited 25.03.2015"
}

@misc{amazonSqsFAQ,
    title={Amazon Kinesis FAQ}, 
    howpublished = "\url{http://aws.amazon.com/kinesis/faqs/}", 
    note ="last visited 25.03.2015"
}

@misc{amazonSqsPubSub, 
    title={Implementing Pub/Sub based on AWS technologies}
    howpublished= "\url{http://www.infoq.com/articles/AmazonPubSub}",
    note="last visited 25.03.2015"
}

@inproceedings{wickramarachchi2012andes,
  title={Andes: a highly scalable persistent messaging system},
  author={Wickramarachchi, Charith and Perera, Srinath and Jayasinghe, Shammi and Weerawarana, Sanjiva},
  booktitle={Web Services (ICWS), 2012 IEEE 19th International Conference on},
  pages={504--511},
  year={2012},
  organization={IEEE}
}

@book{videla2012rabbitmq,
  title={RabbitMQ in action: distributed messaging for everyone},
  author={Videla, Alvaro and Williams, Jason JW},
  year={2012},
  publisher={Manning}
}

@misc{fallacies,
    title={Fallacies of Distributed Computing Explained}
    howpublished= "\url{rgoarchitects.com/Files/fallacies.pdf}",
    note="last visited 01.06.2015"
}

@book{marlow2013parallel,
  title={Parallel and Concurrent Programming in Haskell: Techniques for Multicore and Multithreaded Programming},
  author={Marlow, S.},
  isbn={9781449335922},
  series={Parallel and Concurrent Programming in Haskell: Techniques for Multicore and Multithreaded Programming},
  url={https://books.google.ch/books?id=wSkRAAAAQBAJ},
  year={2013},
  publisher={O'Reilly Media}
}

@misc{kafka-protocol,
    title={A Guide To The Kafka Protocol}
    howpublished= "\url{https://cwiki.apache.org/confluence/display/KAFKA/A+Guide+To+The+Kafka+Protocol}",
    note="last visited 02.06.2015"
}

@misc{lambda-architecture,
    title={Making Sense of it All, Lambda Architecture}
    howpublished=
        "\url{https://www.mapr.com/developercentral/lambda-architecture}",
    note="last visited 02.04.2015"
}


